<record><leader>00000cas a22000007a 4500</leader><controlfield tag="001">19481187</controlfield><controlfield tag="008">890331d18961901nduwr ne      0    0eng d</controlfield><datafield ind1=" " ind2=" " tag="010"><subfield code="a">sn 89074071 </subfield></datafield><datafield ind1=" " ind2=" " tag="040"><subfield code="a">NOP</subfield><subfield code="b">eng</subfield><subfield code="c">NOP</subfield><subfield code="d">OCLCQ</subfield></datafield><datafield ind1=" " ind2=" " tag="042"><subfield code="a">msc</subfield></datafield><datafield ind1="0" ind2=" " tag="130"><subfield code="a">Harvey herald (Harvey, N.D. : 1896)</subfield></datafield><datafield ind1="1" ind2="0" tag="245"><subfield code="a">Harvey herald.</subfield></datafield><datafield ind1=" " ind2=" " tag="260"><subfield code="a">Harvey, N.D. :</subfield><subfield code="b">R.L. Price</subfield></datafield><datafield ind1=" " ind2=" " tag="300"><subfield code="a">v. :</subfield><subfield code="b">ill. ;</subfield><subfield code="c">57 cm.</subfield></datafield><datafield ind1=" " ind2=" " tag="310"><subfield code="a">Weekly</subfield></datafield><datafield ind1="1" ind2=" " tag="362"><subfield code="a">Began May 7, 1896; ceased in 1901?</subfield></datafield><datafield ind1=" " ind2=" " tag="530"><subfield code="a">Available on microfilm from the State Historical Society of North Dakota.</subfield></datafield><datafield ind1=" " ind2=" " tag="588"><subfield code="a">Description based on: Vol. 2, no. 23 (Sept. 30, 1897).</subfield></datafield><datafield ind1=" " ind2=" " tag="752"><subfield code="a">United States</subfield><subfield code="b">North Dakota</subfield><subfield code="c">Wells</subfield><subfield code="d">Harvey.</subfield></datafield><datafield ind1="0" ind2="7" tag="785"><subfield code="t">Harvey advertiser</subfield><subfield code="w">(DLC)sn 89074064</subfield></datafield><datafield ind1="0" ind2="7" tag="785"><subfield code="t">Harvey herald and advertiser (Harvey, N.D. : 1902)</subfield><subfield code="w">(DLC)sn 89074072</subfield></datafield></record>